<record><leader>00000cas a22000007a 4500</leader><controlfield tag="001">10535422</controlfield><controlfield tag="008">840319d19781980vi cr ne      0   a0eng d</controlfield><controlfield tag="009">3770</controlfield><datafield ind1=" " ind2=" " tag="010"><subfield code="a">sn 84037543 </subfield></datafield><datafield ind1=" " ind2=" " tag="040"><subfield code="a">NVI</subfield><subfield code="b">eng</subfield><subfield code="c">NPV</subfield><subfield code="d">DLC</subfield></datafield><datafield ind1="1" ind2=" " tag="029"><subfield code="a">AU@</subfield><subfield code="b">000025813615</subfield></datafield><datafield ind1=" " ind2=" " tag="042"><subfield code="a">msc</subfield></datafield><datafield ind1="0" ind2="0" tag="245"><subfield code="a">Virgin Islands post advertiser.</subfield></datafield><datafield ind1="0" ind2="0" tag="246"><subfield code="a">Virgin Islands post and the St. Croix mirror</subfield></datafield><datafield ind1="0" ind2="0" tag="246"><subfield code="a">Sunday post</subfield></datafield><datafield ind1=" " ind2=" " tag="260"><subfield code="a">[Charlotte Amalie] St. Thomas, V.I. :</subfield><subfield code="b">PM Communications,</subfield><subfield code="c">1978-</subfield></datafield><datafield ind1=" " ind2=" " tag="300"><subfield code="a">v. :</subfield><subfield code="b">ill. ;</subfield><subfield code="c">38 cm.</subfield></datafield><datafield ind1=" " ind2=" " tag="310"><subfield code="a">Semiweekly</subfield></datafield><datafield ind1=" " ind2=" " tag="321"><subfield code="a">Triweekly</subfield></datafield><datafield ind1="0" ind2=" " tag="362"><subfield code="a">No. 1060 (May 16, 1978)-</subfield></datafield><datafield ind1="1" ind2=" " tag="362"><subfield code="a">Ceased with June 2, 1980 issue?</subfield></datafield><datafield ind1=" " ind2=" " tag="500"><subfield code="a">Published on Sundays with the title: The Sunday post.</subfield></datafield><datafield ind1=" " ind2=" " tag="500"><subfield code="a">Editor: Jeffrey L. Farrow, 197u-1978; Page Stull, 1978-1980.</subfield></datafield><datafield ind1=" " ind2=" " tag="580"><subfield code="a">Sometimes published as The Virgin Islands post and the St. Croix mirror, a combined edition with the St. Croix mirror.</subfield></datafield><datafield ind1=" " ind2=" " tag="752"><subfield code="a">United States</subfield><subfield code="b">Virgin Islands</subfield><subfield code="c">Saint Thomas</subfield><subfield code="d">Charlotte Amalie.</subfield></datafield><datafield ind1="1" ind2=" " tag="777"><subfield code="t">St. Croix mirror</subfield><subfield code="w">(DLC)sn 84037544</subfield></datafield></record>